 @misc{RedBlobGames_a*,
  author = {{RedBlob Games}},
  url={https://www.redblobgames.com/pathfinding/a-star/introduction.html}, 
  year={2014}, 
  month={May}
} 