
@incollection{EfficientCollisionChecking,
  title={Efficient collision checking in sampling-based motion planning},
  author={Bialkowski, Joshua and Karaman, Sertac and Otte, Michael and Frazzoli, Emilio},
  booktitle={Algorithmic Foundations of Robotics X},
  pages={365--380},
  year={2013},
  publisher={Springer}
}

@article{FastProbabilisticCollisionChecking,
author = {Pan, Jia and Manocha, Dinesh},
year = {2016},
month = {05},
pages = {},
title = {Fast probabilistic collision checking for sampling-based motion planning using locality-sensitive hashing},
volume = {35},
journal = {The International Journal of Robotics Research},
doi = {10.1177/0278364916640908}
}

 @misc{numpyrandomuniform, url={https://numpy.org/doc/stable/reference/random/generated/numpy.random.uniform.html}} 

@misc{Wikipedia_RRT, title={Rapidly-exploring random tree}, url={https://en.wikipedia.org/wiki/Rapidly-exploring_random_tree}, journal={Wikipedia}, publisher={Wikimedia Foundation}, year={2021}, month={Feb}} 

@article{RRT_RRT-star_Comparison,
  title={A comparison of RRT, RRT* and RRT*-smart path planning algorithms},
  author={Noreen, Iram and Khan, Amna and Habib, Zulfiqar},
  journal={International Journal of Computer Science and Network Security (IJCSNS)},
  volume={16},
  number={10},
  pages={20},
  year={2016},
  publisher={International Journal of Computer Science and Network Security}
}

 @misc{chin_2019, title={Robotic Path Planning: RRT and RRT*}, url={https://theclassytim.medium.com/robotic-path-planning-rrt-and-rrt-212319121378}, journal={Medium}, publisher={Medium}, author={Chin, Tim}, year={2019}, month={2}} 


 @misc{scipyspatialkdtree, title={scipy.spatial.KDTree}, url={https://docs.scipy.org/doc/scipy/reference/generated/scipy.spatial.KDTree.html}} 